@inproceedings{kim2016examples,
	title={Examples are not enough, learn to criticize! criticism for interpretability},
	author={Kim, Been and Khanna, Rajiv and Koyejo, Oluwasanmi O},
	booktitle={Advances in Neural Information Processing Systems},
	pages={2280--2288},
	year={2016}
}

@incollection{robnik2018perturbation,
	title={Perturbation-Based Explanations of Prediction Models},
	author={Robnik-{\v{S}}ikonja, Marko and Bohanec, Marko},
	booktitle={Human and Machine Learning},
	pages={159--175},
	year={2018},
	publisher={Springer}
}

@article{ribeiro2016model,
	title={Model-agnostic interpretability of machine learning},
	author={Ribeiro, Marco Tulio and Singh, Sameer and Guestrin, Carlos},
	journal={arXiv preprint arXiv:1606.05386},
	year={2016}
}

@article{ribeiro2016model,
	title={Model-agnostic interpretability of machine learning},
	author={Ribeiro, Marco Tulio and Singh, Sameer and Guestrin, Carlos},
	journal={arXiv preprint arXiv:1606.05386},
	year={2016}
}

@article{fisher2018model,
	title={Model Class Reliance: Variable importance measures for any machine learning model class, from the” Rashomon” perspective},
	author={Fisher, Aaron and Rudin, Cynthia and Dominici, Francesca},
	journal={arXiv preprint arXiv:1801.01489},
	year={2018}
}

@inproceedings{ribeiro2016should,
	title={Why should i trust you?: Explaining the predictions of any classifier},
	author={Ribeiro, Marco Tulio and Singh, Sameer and Guestrin, Carlos},
	booktitle={Proceedings of the 22nd ACM SIGKDD international conference on knowledge discovery and data mining},
	pages={1135--1144},
	year={2016},
	organization={ACM}
}

@article{shapley1953value,
	title={A value for n-person games. Contributions to the Theory of Games II. Ed. by HW Kuhn and AW Tucker},
	author={Shapley, LS},
	journal={Annals of Mathematics Studies},
	volume={28},
	year={1953}
}

@article{voigt2017eu,
	title={The EU General Data Protection Regulation (GDPR)},
	author={Voigt, Paul and Von dem Bussche, Axel},
	journal={A Practical Guide, 1st Ed., Cham: Springer International Publishing},
	year={2017},
	publisher={Springer}
}