@inproceedings{lit:schweitzerisomorphism,
  title={Isomorphism of (mis) labeled graphs},
  author={Schweitzer, Pascal},
  booktitle={European Symposium on Algorithms},
  pages={370--381},
  year={2011},
  organization={Springer}
}

@book{lit:koblergraphisomorphism,
  title={The graph isomorphism problem: its structural complexity},
  author={Kobler, Johannes and Sch{\"o}ning, Uwe and Tor{\'a}n, Jacobo},
  year={2012},
  publisher={Springer Science \& Business Media}
}

@article{lit:schweitzerdiss,
  title={Problems of unknown complexity},
  author={Schweitzer, Pascal},
  journal={Graph isomorphism and Ramsey theoretic numbers. Diss. University of Saarlandes},
  year={2009}
}


@misc{groheparameterized,
  title={Parameterized Complexity Theory, volume XIV of Texts in Theoretical Computer Science. An EATCS Series},
  author={Flum, J{\"o}rg and Grohe, Martin},
  year={2006},
  publisher={Springer Verlag, Berlin}
}
