%%introduction
@inproceedings{kim2016examples,
	title={Examples are not enough, learn to criticize! criticism for interpretability},
	author={Kim, Been and Khanna, Rajiv and Koyejo, Oluwasanmi O},
	booktitle={Advances in Neural Information Processing Systems},
	pages={2280--2288},
	year={2016}
}

@article{voigt2017eu,
	title={The EU General Data Protection Regulation (GDPR)},
	author={Voigt, Paul and Von dem Bussche, Axel},
	journal={A Practical Guide, 1st Ed., Cham: Springer International Publishing},
	year={2017},
	publisher={Springer}
}

@book{molnar2019,
	title      = {Interpretable Machine Learning},
	author     = {Christoph Molnar},
	note       = {\url{https://christophm.github.io/interpretable-ml-book/}},
	year       = {2019},
	subtitle   = {A Guide for Making Black Box Models Explainable}
}

%%related work
@article{herrera2011overview,
	title={An overview on subgroup discovery: foundations and applications},
	author={Herrera, Franciso and Carmona, Crist{\'o}bal Jos{\'e} and Gonz{\'a}lez, Pedro and Del Jesus, Mar{\'\i}a Jos{\'e}},
	journal={Knowledge and information systems},
	volume={29},
	number={3},
	pages={495--525},
	year={2011},
	publisher={Springer}
}

@article{atzmueller2015subgroup,
	title={Subgroup discovery},
	author={Atzmueller, Martin},
	journal={Wiley Interdisciplinary Reviews: Data Mining and Knowledge Discovery},
	volume={5},
	number={1},
	pages={35--49},
	year={2015},
	publisher={Wiley Online Library}
}

@inproceedings{atzmueller2009fast,
	title={Fast subgroup discovery for continuous target concepts},
	author={Atzmueller, Martin and Lemmerich, Florian},
	booktitle={International Symposium on Methodologies for Intelligent Systems},
	pages={35--44},
	year={2009},
	organization={Springer}
}

@inproceedings{leman2008exceptional,
	title={Exceptional model mining},
	author={Leman, Dennis and Feelders, Ad and Knobbe, Arno},
	booktitle={Joint European conference on machine learning and knowledge discovery in databases},
	pages={1--16},
	year={2008},
	organization={Springer}
}

@inproceedings{grosskreutz2010subgroup,
	title={Subgroup discovery for election analysis: a case study in descriptive data mining},
	author={Grosskreutz, Henrik and Boley, Mario and Krause-Traudes, Maike},
	booktitle={International Conference on Discovery Science},
	pages={57--71},
	year={2010},
	organization={Springer}
}

%%methods

@inproceedings{ribeiro2016should,
	title={Why should i trust you?: Explaining the predictions of any classifier},
	author={Ribeiro, Marco Tulio and Singh, Sameer and Guestrin, Carlos},
	booktitle={Proceedings of the 22nd ACM SIGKDD international conference on knowledge discovery and data mining},
	pages={1135--1144},
	year={2016},
	organization={ACM}
}

@inproceedings{wang2015falling,
	title={Falling rule lists},
	author={Wang, Fulton and Rudin, Cynthia},
	booktitle={Artificial Intelligence and Statistics},
	pages={1013--1022},
	year={2015}
}

@article{ribeiro2016model,
	title={Model-agnostic interpretability of machine learning},
	author={Ribeiro, Marco Tulio and Singh, Sameer and Guestrin, Carlos},
	journal={arXiv preprint arXiv:1606.05386},
	year={2016}
}

@ONLINE {lime,
	author = {Marco Tulio Ribeiro, Sameer Singh and Carlos Guestrin},
	title  = {Lime: Explaining the predictions of any machine learning classifier},
	year   = {2019},
	url    = {https://github.com/marcotcr/lime}
}

@ONLINE {shap,
	author={Lundberg, Scott M and Lee, Su-In},
	title  = {shap: A unified approach to explain the output of any machine learning model},
	year   = {2019},
	url    = {https://github.com/slundberg/shap}
}

@article{kononenko2010efficient,
	title={An efficient explanation of individual classifications using game theory},
	author={Kononenko, Igor and others},
	journal={Journal of Machine Learning Research},
	volume={11},
	number={Jan},
	pages={1--18},
	year={2010}
}

@article{robnik2008explaining,
	title={Explaining classifications for individual instances},
	author={Robnik-{\v{S}}ikonja, Marko and Kononenko, Igor},
	journal={IEEE Transactions on Knowledge and Data Engineering},
	volume={20},
	number={5},
	pages={589--600},
	year={2008},
	publisher={IEEE}
}

@article{shapley1953value,
	title={A Value for N-Person Games},
	author={Shapley, L},
	journal={Contributions to the Theory of Games},
	pages={31--40},
	year={1953}
}

@inproceedings{lundberg2017unified,
	title={A unified approach to interpreting model predictions},
	author={Lundberg, Scott M and Lee, Su-In},
	booktitle={Advances in Neural Information Processing Systems},
	pages={4765--4774},
	year={2017}
}

@article{lemmerich2014novel,
	title={Novel techniques for efficient and effective subgroup discovery},
	author={Lemmerich, Florian},
	year={2014}
}

@inproceedings{atzmueller2004towards,
	title={Towards Knowledge-Intensive Subgroup Discovery.},
	author={Atzmueller, Martin and Puppe, Frank and Buscher, Hans-Peter},
	booktitle={LWA},
	pages={111--117},
	year={2004},
	organization={Citeseer}
}

@inproceedings{klosgen2002data,
	title={Data mining tasks and methods: subgroup discovery: deviation analysis},
	author={Kl{\"o}sgen, Willi},
	booktitle={Handbook of data mining and knowledge discovery},
	pages={354--361},
	year={2002},
	organization={Oxford University Press, Inc.}
}

@inproceedings{pieters2010subgroup,
	title={Subgroup discovery in ranked data, with an application to gene set enrichment},
	author={Pieters, Barbara FI and Knobbe, Arno and Dzeroski, Sa{\v{s}}o},
	booktitle={Proceedings preference learning workshop (PL 2010) at ECML PKDD},
	volume={10},
	pages={1--18},
	year={2010}
}

%% experiemnts


@book{biecek2019,
	title      = {Predictive Models: Explore, Explain, and Debug},
	author     = {Przemyslaw Biecek and Tomasz Burzykowski},
	note       = {\url{https://pbiecek.github.io/PM_VEE/}},
	year       = {2019},
	subtitle   = {Human-Centered Interpretable Machine Learning}
}

@article{fisher2018model,
	title={Model Class Reliance: Variable importance measures for any machine learning model class, from the” Rashomon” perspective},
	author={Fisher, Aaron and Rudin, Cynthia and Dominici, Francesca},
	journal={arXiv preprint arXiv:1801.01489},
	year={2018}
}


@article{shapley1953value,
	title={A value for n-person games. Contributions to the Theory of Games II. Ed. by HW Kuhn and AW Tucker},
	author={Shapley, LS},
	journal={Annals of Mathematics Studies},
	volume={28},
	year={1953}
}



@inproceedings{leman2008exceptional,
	title={Exceptional model mining},
	author={Leman, Dennis and Feelders, Ad and Knobbe, Arno},
	booktitle={Joint European Conference on Machine Learning and Knowledge Discovery in Databases},
	pages={1--16},
	year={2008},
	organization={Springer}
}

@article{breiman2001random,
	title={Random forests},
	author={Breiman, Leo},
	journal={Machine learning},
	volume={45},
	number={1},
	pages={5--32},
	year={2001},
	publisher={Springer}
}



@incollection{wrobel2001inductive,
	title={Inductive logic programming for knowledge discovery in databases},
	author={Wrobel, Stefan},
	booktitle={Relational data mining},
	pages={74--101},
	year={2001},
	publisher={Springer}
}


@ONLINE{eli5,
	author = {Mikhail Korobov, Konstantin Lopuhin},
	title = {ELI5: A library for debugging/inspecting machine learning classifiers and explaining their predictions },
	year = {2019},
	url = {https://github.com/TeamHG-Memex/eli5}
}

@inproceedings{lemmerich2018pysubgroup,
	title={pysubgroup: Easy-to-Use Subgroup Discovery in Python},
	author={Lemmerich, Florian and Becker, Martin},
	booktitle={Joint European Conference on Machine Learning and Knowledge Discovery in Databases},
	pages={658--662},
	year={2018},
	organization={Springer}
}



